<record xmlns="http://www.loc.gov/MARC21/slim">
   <leader>02428cam a2200529 i 4500</leader>
   <controlfield tag="001">6775925</controlfield>
   <controlfield tag="003">OCoLC</controlfield>
   <controlfield tag="005">20141226160829.0</controlfield>
   <controlfield tag="008">140715t20152015onca   j b    001 0 eng c</controlfield>
   <datafield ind1=" " ind2=" " tag="010">
      <subfield code="a">  2014027807</subfield>
   </datafield>
   <datafield ind1=" " ind2=" " tag="016">
      <subfield code="a">20149039190</subfield>
   </datafield>
   <datafield ind1=" " ind2=" " tag="020">
      <subfield code="a">9780778713692 (reinforced library binding)</subfield>
   </datafield>
   <datafield ind1=" " ind2=" " tag="020">
      <subfield code="a">0778713695 (reinforced library binding)</subfield>
   </datafield>
   <datafield ind1=" " ind2=" " tag="020">
      <subfield code="a">9780778714057 (pbk.)</subfield>
   </datafield>
   <datafield ind1=" " ind2=" " tag="020">
      <subfield code="a">0778714055 (pbk.)</subfield>
   </datafield>
   <datafield ind1=" " ind2=" " tag="020">
      <subfield code="z">9781427189820 (electronic pdf)</subfield>
   </datafield>
   <datafield ind1=" " ind2=" " tag="020">
      <subfield code="z">9781427189769 (electronic html)</subfield>
   </datafield>
   <datafield ind1=" " ind2=" " tag="035">
      <subfield code="a">ocn881313388</subfield>
   </datafield>
   <datafield ind1=" " ind2=" " tag="040">
      <subfield code="a">NJQ/DLC</subfield>
      <subfield code="b">eng</subfield>
      <subfield code="e">rda</subfield>
      <subfield code="c">ZQP</subfield>
      <subfield code="d">DLC</subfield>
      <subfield code="d">YDXCP</subfield>
      <subfield code="d">NLC</subfield>
      <subfield code="d">BDX</subfield>
      <subfield code="d">BTCTA</subfield>
      <subfield code="d">OCLCF</subfield>
      <subfield code="d">IEB</subfield>
      <subfield code="d">UAB</subfield>
   </datafield>
   <datafield ind1=" " ind2=" " tag="042">
      <subfield code="a">pcc</subfield>
   </datafield>
   <datafield ind1="0" ind2="0" tag="050">
      <subfield code="a">TJ211.2</subfield>
      <subfield code="b">.P47 2015</subfield>
   </datafield>
   <datafield ind1=" " ind2="4" tag="055">
      <subfield code="a">TJ213.5</subfield>
      <subfield code="b">P47 2015</subfield>
   </datafield>
   <datafield ind1="0" ind2="4" tag="082">
      <subfield code="a">629.8/92</subfield>
      <subfield code="2">23</subfield>
   </datafield>
   <datafield ind1=" " ind2=" " tag="090">
      <subfield code="a">TJ 211.2 P47 2015</subfield>
      <subfield code="b">AEU</subfield>
   </datafield>
   <datafield ind1="1" ind2=" " tag="100">
      <subfield code="a">Peppas, Lynn,</subfield>
      <subfield code="e">author.</subfield>
   </datafield>
   <datafield ind1="1" ind2="0" tag="245">
      <subfield code="a">Robotics /</subfield>
      <subfield code="c">Lynn Peppas.</subfield>
   </datafield>
   <datafield ind1=" " ind2="1" tag="264">
      <subfield code="a">St. Catharines, Ontario ;</subfield>
      <subfield code="a">New York, New York :</subfield>
      <subfield code="b">Crabtree Publishing Company,</subfield>
      <subfield code="c">[2015]</subfield>
   </datafield>
   <datafield ind1=" " ind2="4" tag="264">
      <subfield code="c">©2015</subfield>
   </datafield>
   <datafield ind1=" " ind2=" " tag="300">
      <subfield code="a">48 pages :</subfield>
      <subfield code="b">color illustrations ;</subfield>
      <subfield code="c">27 cm.</subfield>
   </datafield>
   <datafield ind1=" " ind2=" " tag="336">
      <subfield code="a">text</subfield>
      <subfield code="2">rdacontent</subfield>
   </datafield>
   <datafield ind1=" " ind2=" " tag="336">
      <subfield code="a">still image</subfield>
      <subfield code="2">rdacontent</subfield>
   </datafield>
   <datafield ind1=" " ind2=" " tag="337">
      <subfield code="a">unmediated</subfield>
      <subfield code="2">rdamedia</subfield>
   </datafield>
   <datafield ind1=" " ind2=" " tag="338">
      <subfield code="a">volume</subfield>
      <subfield code="2">rdacarrier</subfield>
   </datafield>
   <datafield ind1="1" ind2=" " tag="490">
      <subfield code="a">Crabtree chrome</subfield>
   </datafield>
   <datafield ind1=" " ind2=" " tag="504">
      <subfield code="a">Includes bibliographical references and index.</subfield>
   </datafield>
   <datafield ind1="0" ind2=" " tag="505">
      <subfield code="a">Robots in history -- Robots at work -- Robots in space -- Military robots -- Medical robots -- Humanoid robots -- Extreme robots.</subfield>
   </datafield>
   <datafield ind1=" " ind2=" " tag="520">
      <subfield code="a">"The robots of today do more than just heavy lifting. Machines that can sense the world and make decisions are now being used in space, industry, medicine, and the military. This adventurous book follows the development of robots over the past century and describes how modern robots continue to revolutionize different fields making our lives easier, healthier, safer--and more exciting"--</subfield>
      <subfield code="c">Provided by publisher.</subfield>
   </datafield>
   <datafield ind1="1" ind2=" " tag="521">
      <subfield code="a">Ages 11-14.</subfield>
   </datafield>
   <datafield ind1="2" ind2=" " tag="521">
      <subfield code="a">Grades 7 to 8.</subfield>
   </datafield>
   <datafield ind1=" " ind2=" " tag="590">
      <subfield code="a">University of Alberta Library copy in the Canadian Children's Book Centre Depository Collection.</subfield>
   </datafield>
   <datafield ind1=" " ind2=" " tag="596">
      <subfield code="a">41</subfield>
   </datafield>
   <datafield ind1=" " ind2="0" tag="650">
      <subfield code="a">Robots</subfield>
      <subfield code="v">Juvenile literature.</subfield>
   </datafield>
   <datafield ind1=" " ind2="0" tag="650">
      <subfield code="a">Robotics</subfield>
      <subfield code="v">Juvenile literature.</subfield>
   </datafield>
   <datafield ind1=" " ind2="0" tag="830">
      <subfield code="a">Crabtree chrome.</subfield>
   </datafield>
   <datafield ind1=" " ind2=" " tag="949">
      <subfield code="a">TJ 211.2 P47 2015</subfield>
      <subfield code="c">1</subfield>
      <subfield code="h">UAED-CU-B</subfield>
      <subfield code="i">0162035217718</subfield>
   </datafield>
   <datafield ind1=" " ind2=" " tag="926">
      <subfield code="a">TJ 211.2 P47 2015</subfield>
      <subfield code="w">LC</subfield>
      <subfield code="c">1</subfield>
      <subfield code="i">0162035217718</subfield>
      <subfield code="l">CURRICULUM</subfield>
      <subfield code="m">UAEDUC</subfield>
      <subfield code="p">$150.00</subfield>
      <subfield code="r">Y</subfield>
      <subfield code="s">Y</subfield>
      <subfield code="t">BOOK</subfield>
      <subfield code="u">1/14/2015</subfield>
   </datafield>
   <datafield ind1=" " ind2=" " tag="926">
      <subfield code="a">TJ 211.2 P47 2015</subfield>
      <subfield code="w">LC</subfield>
      <subfield code="c">2</subfield>
      <subfield code="i">0162034253110</subfield>
      <subfield code="l">CCBCC</subfield>
      <subfield code="m">UAEDUC</subfield>
      <subfield code="p">$150.00</subfield>
      <subfield code="r">Y</subfield>
      <subfield code="s">Y</subfield>
      <subfield code="t">NO_LOAN</subfield>
      <subfield code="u">4/14/2015</subfield>
   </datafield>
</record>
